
@Misc{wd:catalog,
author={Pedro Osuna and others},
editor={Pedro Osuna},
howpublished={{Catalog Data Model Work Package}},
title={Catalog Data Model},
year=2006,
url={https://wiki.ivoa.net/twiki/bin/view/IVOA/IVAODMCatalogsWP}
}

@Misc{wd:jesusdm,
author={Jesus Salgado and Gerard Lemson and Markys Demleitner},
editor={Jesus Salgado},
howpublished={{Source DM 2016-05-10}},
title={Source DM},
year=2016,
url={https://wiki.ivoa.net/twiki/bin/view/IVOA/SourceDataModel}
}

@Misc{note:stcvot,
author={M. Demleitner and F. Ochsenbein and J. McDowell and A. Rots},
editor={M. Demleitner },
howpublished={{Note 2010-06-18}},
title={Referencing STC in VOTable},
year=2016,
url={http://ivoa.net/documents/Notes/VOTableSTC/}
}

@Misc{note:seb,
author={Sebastien Derriere},
editor={Sebastien Derriere},
howpublished={{Note 2011-05-12}},
title={Referencing STC in VOTable},
year=2016,
url={https://wiki.ivoa.net/internal/IVOA/PhotometryDataModel/NOTE-PPDMDesc-0.2-20110512.pdf}
}


@Misc{note:sdmpage,
author={Laurent Michel and François Bonnarel and Mark Cresitello Dittmar and Tom Donaldson and Marco Molinaro},
editor={Laurent Michel},
howpublished={{Wikipage 2019-04-12}},
title={Source DM: Call For Scientific Requirements},
year=2010,
url={https://wiki.ivoa.net/twiki/bin/view/IVOA/SourceDM}
}

@Misc{talk:lmanything,
author={Laurent Michel},
editor={Laurent Michel},
howpublished={{Talk 2017-07-12}},
title={Mapping Time Domain Data in VOTables},
year=2017,
url={https://wiki.ivoa.net/internal/IVOA/InterOpOct2017TDIG/TimeDomainMapping.pdf}
}

@Misc{wd:wdmapping,
author={Gerard Lemson and Omar Laurino and Tom Donaldson and Mark Cresitello-
Dittmar and Laurent Michel and Patrick Dowler and Markus Demleitner and
Matthew Graham and Jesus Salgado},
editor={Gerard Lemson and Omar Laurino},
howpublished={{WD 20170323}},
year=2017,
title={Mapping Data Models to VOTable},
url={https://volute.g-vo.org/svn/trunk/projects/dm/vo-dml-mapping/doc/VO-DML_mapping_WD.pdf}
}


@Misc{std:xsd1.1,
author={Shudi Gao, et al.},
editor={Shudi Gao, et al.},
title={W3C XML Schema Definition Language (XSD) 1.1},
year=2012,
url={https://www.w3.org/TR/xmlschema11-1/}
}



@Misc{talk:lmparser,
author={Laurent Michel},
editor={Laurent Michel},
howpublished={{Talk 2018-11-01}},
title={Reading VO-DML Annotations With Java Code},
year=2018,
url={https://wiki.ivoa.net/internal/IVOA/InterOpNov2018Apps/VODML_Lite_JAVA_API.pdf}
}

@Misc{talk:lmgaia,
author={Laurent Michel},
editor={Laurent Michel},
howpublished={{Talk 2018-11-01}},
title={Annotating GAIA Time Series with VO-DML},
year=2018,
url={https://wiki.ivoa.net/internal/IVOA/InterOpNov2018TDIG/VODML_Lite_TS.pdf}
}

@Misc{talk:lmlite,
author={Laurent Michel},
editor={Laurent Michel},
howpublished={{Talk 2018-05-10}},
title={Serializing Time Domain Data A (Simplified) VO-DML Approach},
year=2018,
url={https://wiki.ivoa.net/internal/IVOA/InterOpMay2018TDIG/Talk_VODML_Lite_at_a_glance_en.pdf}
}

@Misc{wiki:stc2,
author={Mark Cresitello Dittmar and Arnold Rots},
editor={Mark Cresitello Dittmar},
howpublished={{Wiki Page 2016-09-16}},
title={STC version 2.0},
year=2019,
url={https://wiki.ivoa.net/twiki/bin/view/IVOA/STC}
}

@ARTICLE{2017A&A...597A..89P,
       author = {{Pineau}, F. -X. and {Derriere}, S. and {Motch}, C. and {Carrera}, F.~J. and {Genova}, F. and {Michel}, L. and {Mingo}, B. and {Mints}, A. and {Nebot G{\'o}mez-Mor{\'a}n}, A. and {Rosen}, S.~R. and {Ruiz Camu{\~n}as}, A.},
        title = "{Probabilistic multi-catalogue positional cross-match}",
      journal = {\aap},
     keywords = {methods: data analysis, methods: statistical, catalogs, astrometry, Astrophysics - Instrumentation and Methods for Astrophysics, Astrophysics - Astrophysics of Galaxies, Astrophysics - High Energy Astrophysical Phenomena},
         year = 2017,
        month = jan,
       volume = {597},
          eid = {A89},
        pages = {A89},
          doi = {10.1051/0004-6361/201629219},
archivePrefix = {arXiv},
       eprint = {1609.00818},
 primaryClass = {astro-ph.IM},
       adsurl = {https://ui.adsabs.harvard.edu/abs/2017A&A...597A..89P},
      adsnote = {Provided by the SAO/NASA Astrophysics Data System}
}

@misc{2201.01732,
Author = {Mireille Louys and Laurent Michel and François Bonnarel and Joann Vetter},
Title = {Annotating TAP responses on-the-fly against an IVOA data model},
Year = {2022},
Eprint = {arXiv:2201.01732},
doi = {10.48550/arXiv.2201.01732}
}

